<record><leader>00000cas a22000007a 4500</leader><controlfield tag="001">20903389</controlfield><controlfield tag="008">900116d19251926mnu x ne      0    0eng d</controlfield><controlfield tag="009">10516</controlfield><datafield ind1=" " ind2=" " tag="010"><subfield code="a">sn 89064708 </subfield></datafield><datafield ind1=" " ind2=" " tag="040"><subfield code="a">MN#</subfield><subfield code="b">eng</subfield><subfield code="c">MN#</subfield><subfield code="d">OCL</subfield><subfield code="d">DLC</subfield><subfield code="d">MN#</subfield><subfield code="d">OCLCQ</subfield></datafield><datafield ind1=" " ind2=" " tag="042"><subfield code="a">msc</subfield></datafield><datafield ind1=" " ind2=" " tag="043"><subfield code="a">n-us-mn</subfield></datafield><datafield ind1=" " ind2=" " tag="052"><subfield code="a">4144</subfield><subfield code="b">D6</subfield></datafield><datafield ind1=" " ind2=" " tag="052"><subfield code="a">4143</subfield><subfield code="b">B2</subfield></datafield><datafield ind1="0" ind2="0" tag="245"><subfield code="a">School notes.</subfield></datafield><datafield ind1=" " ind2=" " tag="260"><subfield code="a">Detroit, Minn. :</subfield><subfield code="b">Detroit High School Press Club,</subfield><subfield code="c">1925-1926.</subfield></datafield><datafield ind1=" " ind2=" " tag="300"><subfield code="a">v.</subfield></datafield><datafield ind1="0" ind2=" " tag="362"><subfield code="a">[Vol. 1, no. 1] (Oct. 8, 1925)-v. 1, no. 18 (Feb. 11, 1926).</subfield></datafield><datafield ind1=" " ind2=" " tag="530"><subfield code="a">Available on microfilm from the Minnesota Historical Society.</subfield></datafield><datafield ind1=" " ind2=" " tag="580"><subfield code="a">Published in Detroit news tribune, Oct. 8, 1925-Feb. 11, 1926.</subfield></datafield><datafield ind1=" " ind2=" " tag="752"><subfield code="a">United States</subfield><subfield code="b">Minnesota</subfield><subfield code="c">Becker</subfield><subfield code="d">Detroit.</subfield></datafield><datafield ind1=" " ind2=" " tag="752"><subfield code="a">United States</subfield><subfield code="b">Minnesota</subfield><subfield code="c">Becker</subfield><subfield code="d">Detroit Lakes.</subfield></datafield><datafield ind1="1" ind2=" " tag="777"><subfield code="t">Detroit news tribune</subfield><subfield code="w">(DLC)sn 89064693</subfield></datafield><datafield ind1="0" ind2="0" tag="785"><subfield code="t">Detronian</subfield><subfield code="w">(DLC)sn 89064709</subfield></datafield></record>